<?xml version="1.0" encoding="UTF-8"?><record xmlns="http://www.loc.gov/MARC21/slim" xmlns:cinclude="http://apache.org/cocoon/include/1.0" xmlns:zs="http://www.loc.gov/zing/srw/">
  <leader>00391cz  a2200121n  4500</leader>
  <controlfield tag="001">n  88099769 </controlfield>
  <controlfield tag="003">DLC</controlfield>
  <controlfield tag="005">20060726131423.0</controlfield>
  <controlfield tag="008">880928n| acannaab           |n ana      </controlfield>
  <datafield tag="010" ind1=" " ind2=" ">
    <subfield code="a">n  88099769 </subfield>
  </datafield>
  <datafield tag="040" ind1=" " ind2=" ">
    <subfield code="a">DLC</subfield>
    <subfield code="c">DLC</subfield>
    <subfield code="d">DLC</subfield>
  </datafield>
  <datafield tag="110" ind1="2" ind2="0">
    <subfield code="a">Botswana Extension College (Gaberone, Botswana)</subfield>
  </datafield>
  <datafield tag="670" ind1=" " ind2=" ">
    <subfield code="a">Odell, M.J. Tribal Grazing Land Policy consultation campaign, 1977:</subfield>
    <subfield code="b">t.p. (Botswana Extension College)</subfield>
  </datafield>
</record>